4834 5938
1223 390 3051 258 vous mandons. Commandons ⁊ tres expreſſement enjoignons y vacquer ⁊ entendre

1243 549 2961 198 diligemment et pourveoir a ce quil ne ſoit tranſporte pille ladite ou cache

1243 663 3036 237 aucune choſe lesd meubles en quelque maniere que ce ſoit. Tenant par vo^ꝯ

1267 757 3061 267 main a lexecution  de nred commission . En ſorte que no^ꝯ ne ſoyons en cela aucunem

1248 885 3016 312 deſſiande  de nre. droict. Et vo^ꝯ nous ferez ſervice treſ agreable. Sy  ny

1243 1029 3026 282 vueillez faire faulte. Car tel est nre plaisir. Donne a

1277 1271 723 144 [??] 1559

1887 1365 1312 337 De par le Roy

934 1649 3270 384 Tres chers et bien amez. Veu ce que no^ꝯ vous avons eſcript et mande ſi

1302 1806 2932 282 preciſement pour la reception des deux eſchevins longtemps a eſleuz  et par vous

1302 1964 2992 272 a vo^ꝯ nommez. Comme eſtans de la qualite requiſe. Nous ne pouvons trouver

1312 2078 2992 287 ſinon eſtrange que vous y aiez juſques jay uſe de telle longueur et diſſimulation que

1307 2192 2997 262 vo^ꝯ avez fait. Qui nous a mis derechef vo^ꝯ eſcripre la pnte ; Et par Icelle

1277 2310 2997 273 vous prier ⁊ neantmoings ordonner. Que Incontinant a la pntaon quil vo^ꝯ en ſera

1307 2439 2907 277 faicte vous procedez a lad reception. Et meſmement de Pierre Godeffroy mary

1312 2592 2892 238 de nre nourryce qui vo^ꝯ a eſte par no^ꝯ premierement nomme, Et lequel auſſy

1317 2686 2982 238 a eu plus de voix. Sans vo^ꝯ arreſter ne avoir aucun esgard a ce que lon pourroit

1327 2805 2962 282 mectre en avant ſa qualite de nred.  valet de chambre. ne quil eſt cousin ou

1322 2964 2996 252 allye de pierre roquet. Car encore que cella ne periſt ne deubſt aucunen

1332 3072 2981 282 empeſcher ſad reception. Touteſfois pour evitter a toutes difficultez. Nous

1327 3196 2947 302 avons ſur ce en tant que beſoing eſt diſpenſe et diſpenſons led Godeffroy

1317 3325 2932 321 Parquoy vo^ꝯ ne ferez aucune faulte a ce que deſſus. Car tel est

1327 3492 2219 293 nre plaiſir. Donne a [??] 1559

970 3849 3309 292 Treſ sainct pere, Le feu roy nre treſ honore seigneur ⁊ pere que dieu

1322 3978 2947 218 abſoille. Quelque temps avant ſon treſpas nomma a vre ſainctete Nre. ame et

1322 4082 2912 232 feal conſeiller et aulmoſnier ordinaire m^s Olivier le Clerc pour y eſtre pourveu

1332 4171 3016 262 de labbaye nre dame de Guyenne , de lordre St auguſtin ſituee ⁊ assiſe au dioceſe

1342 4305 2882 247 de Tours. vacquant par le treſpas de frere anthonie Pidoux dernier paiſible

1371 4438 2908 342 poſſeſſeur dicelle. Et daultant que le treſpas de nred feu ſeigneur ⁊ par
