4829 5934
3968 351 163 183 19

1157 410 3093 262 donnerez ordre Que par celluy ou ceulx qui avoient le don et joyſſent  leſd. biens et

1167 558 3063 238 revenuz Ne ſoit fait aucun legast Puyne de populaon et demolition tant es

1207 677 3008 242 voys vignes fruictz et autres choſes deppendans des heritaiges que ſemblablement

1207 815 3023 213 es maiſons ⁊ edifficces qui y ſont, Soubz peine a ceulx qui feront es contraire

1207 904 3023 238 de reparer ce quilz auront fait contre vre commandement en ceſt endroit et de par ce es

1202 1008 3077 257 intereſtz ⁊ dommaiges par eulx faitz depuis vred commandement Priant dieu Mon.

1236 1152 2934 247 Cousin Quil vo^ꝯ ait en ſa s^te ⁊ digne garde Eſcript a [??]

877 1448 3387 292 Treſsainct pere Conſiderant nre treſ cher feal ⁊ grand amy Le Cardinal de

1133 1592 3052 252 sens les grandes maladies ⁊ indiſpoſitions qui luy sont par cy devant ſurvenues et

1271 1676 2934 272 ſurviennent bien ſouvent avec les incommoditez que laage ou il eſt a pnt conſtitue luy

1256 1760 2989 311 peult doreſnavant admener. A moins de quoy il luy eſt treſ difficille de povoir plus

1266 1884 2900 301 ſupporter les continuelz labeurs ⁊ travaulx que requiert la grandeur ⁊ importance

1261 1992 2929 297 des charges quil a eues juſques au jour du treſpas du feu Roy nre treſ honore

1266 2106 2934 317 ſeigneur ⁊ pere a la conduicte ⁊ direction daucune ſes principaulx affaires a ceſt

1266 2220 3003 297 cauſe Il deſireroit ſingulierement vivre le ſurplus de ſes jours en lieu de Repoz.

1266 2334 2994 311 po. vacquer a prier dieu a sa contemplaon des choſes ſpirituelles et au ſervice de legliſe

1266 2437 2954 322 pour ſatiſfaire a ſon devoir Ainſi que vre. s.^te len a autresfois exhorte. Et

1236 2536 3043 322 daultant que po. ceſt effect et po. la conſervaon de ſa ſante il nen ſcauroit choyſir

1271 2665 3018 321 ne trouver plus a propoz que la ville ⁊ cite davignon et les envyrons ainſi quil

1217 2759 3047 351 remonſtra a nred feu ſeigneur ⁊ pere peu auparavant ſond treſpas. Luy ſupp^ant

1271 2882 3003 332 et requerant vouloir moyener que la legation davignon peuſt tomber en ſes mains

1246 3026 2989 297 pour accommoder ⁊ honorer ſa Retraicte ⁊ demeure par de la. Voulant en cela

1251 3115 3038 351 feu nred seigneur ⁊ pere le gratiffier il donna lors charge den parler a nred

1162 3229 3107 341 cousin et grand amy le Cardinal farneze Lequel a fait ſur ce honeſte respon[??]

1271 3352 2949 327 et que ſoubz le bon vouloir ⁊ plaisir de vred s^te il eſtoit treſ contant de

1276 3481 3003 316 prendre recompenſe de lad legation. et en gratiffier led Cardinal de sens

1286 3575 2939 331 avec touteſfois condition de regretz, de ſorte quil ne reſte en cela pour la

1291 3698 2988 327 concluon et reſoluon de ce negoce Avoir ſur ce la grace et le conſentement de vred

1316 3837 2993 336 s^te Laquelle Nous ſupplions aultant affectueuſement que faire povons vouloir

1311 3965 2939 302 avoir agreable ⁊ conſentir la ceſſion ⁊ resignaon que fera led cardinal farneze

1301 4059 2978 332 de lad legaon davignon en faveur dud cardinal de sens a lad condition du regretz.

1271 4203 2969 287 Et avec les autres qualitez ⁊ conditions contenues et declarees au concordat

1231 4316 3033 327 qui en ſera fait ⁊ paſſe ent eulz. Et ſur ce en octroyer conceder ⁊ faire

1301 4450 3008 321 expedier les bulles ⁊ provisions applicquer Requises ⁊ neceſſaires suivant
