4835 5937
1628 405 2514 262 Monſeigneur les florentins ont eſleu quatre ambaſſadeurs pour envoyer vers

1623 603 2623 149 lempereur et compoſer avec luy et nonobſtant que lambassađ^r de florence eſtoit

1618 677 2603 173 en ceſte ville mays dit que bien ſont eſleuz mays quilz ne ꝑtiront point ſans le

1623 786 2618 188 conſentement de la ligue touteffoys depuys ung florentin ma dit ꝙlz ſont ꝑtiz et

1633 905 2514 143 croy monſeigneur que ſi le Roy ne ſe advance de venir en Itallye ou y envoyer

1623 1004 2628 183 groſſe puissance il est en dangier de ꝑdre ſes allyes et tout ce quil pourroit pretedre

1598 1118 2653 198 en Itallie qui pourroit apres eſtre cauſe deſtre contrainct ſi deffendre en frace

1618 1256 801 154 et venyr gaſter ſon pays

1628 1345 2553 262 Monſeigneur Je ne vous eſcripray Riens des nouvelles de la poulle  Car ce

1647 1523 1693 198 pnt porteur vous en dira bien an long  ce qui en eſt

1618 1687 2578 232 Monſeigneur povoit que le ſ^r Jehan Joachin ſen va vers le Roy et eſt ꝑty du

1583 1845 2574 198 XVIIIe^me daoust de ceſte ville ſans faire aultrement grande diligence, je

1618 1969 2558 143 leſſeray le demeurent a ce quil vous en ſcaura bien dire lequel na pas failly

1628 2068 2573 183 a bien minſtruyre des affaires de ꝑdeca comme il vous a pleu luy mander et

1628 2186 2499 188 de ma ꝑt mon ſſiant mettray peine que ne me trouverez point en faulte

1598 2285 2529 218 cydant le créateur et vous plaira me ꝑdonner ſi me trouvez pluserrant

1593 2419 1193 232 en curioſite que en negligence

1707 2572 2014 267 Monſeigneur le ſ[??]ppl venyr le XXe daoust

2217 2775 1558 287 A Monſ^r de villamdoy du XX^IIIe aoust

1638 2993 2608 267 Moſsieur depuys mes lres eſcriptes jay eu advis par unes lres que le cote

1623 3141 2632 233 albert ſcotto a ſscriptes a Jehan Jacrier de la croix que lempereur arriva en la

1618 3265 2637 222 ville de gennes le XII^me jour de ce moys a XXII heures au ſoir accompagne

1603 3354 2578 242 de huit mil hommes de guerre a pied leſquelz incontinnent quil fut arryve

1593 3473 2658 217 envoya a la bolte dalyxandrye et le XIIIIme jour de ceđ moys led empereur

1603 3562 2593 262 envoya lesđ au gouverneur eſtant pour le pape a plaiſance a ce quil euſt

1633 3675 2637 273 a donner ordre de faire les loys pour deux mil chevaulx e que leđ a faict

1633 3804 2627 238 et auſſy a faict crier et publier ꝑ lađ ville qui ſont gentilz hommes <[??]>

1633 3918 2558 237 citadins euſſent a eulx retirer en icelle ville ſur peine deſtre

1628 4052 2434 197 declairez rebelles et davantage que dedans huit jours leſđ

1643 4146 2523 291 citadins euſſent a retirer au dedans de lađ ville tous [??] chvs leurs blez

1643 4279 2543 267 grains pailles foingz et aultres fourraiges ſur peine deſtre ꝑduz [??]

1618 4398 2504 252 confiſquez Et leđ jour matin leđ gouverneur ꝑ commiſſion

1628 4512 2588 262 du pape donna conger aux gens de guerres qui eſtoient a la garde

1628 4616 2558 336 de lađ ville leſquelz tous enſemble ſont allez au ſervice de

1618 4714 445 198 lempereur

2147 4794 1401 242 a Venise ce XX^me daoust

3622 331 282 158 30
